@book{abstractalgebra,
  author          = {Nicholson, W. Keith},
  title           = {Introduction to Abstract Algebra},
  year            = 2012,
  isbn            = 1118135350,
  publisher       = {Wiley Publishing},
  edition         = {4th}
}

@book{algebrabook,
  added-at        = {2011-04-29T00:00:00.000+0200},
  author          = {Atiyah, Michael Francis and MacDonald, I. G.},
  biburl          =
                  {https://www.bibsonomy.org/bibtex/2a7b636999c414bd394e0f05c655755c7/dblp},
  interhash       = {ee40e29659602f17e05fb9e881086b12},
  intrahash       = {a7b636999c414bd394e0f05c655755c7},
  isbn            = {978-0-201-40751-8},
  keywords        = {dblp},
  pages           = {I-IX, 1-128},
  publisher       = {Addison-Wesley-Longman},
  timestamp       = {2011-04-30T11:32:35.000+0200},
  title           = {Introduction to commutative algebra.},
  year            = 1969
}

@article{assignmentlp,
  title           = {Primal-dual min-cost bipartite matching},
  author          = {CS 6820},
  journal         = {Cornell University},
  year            = 2010,
  note            = {Accesat 21 Iunie 2020 12:00 PM EEST
                  \url{http://www.cs.cornell.edu/courses/cs6820/2010fa/handouts/matchings.pdf}}
}

@book{complexnumbers,
  title           = {Complex Numbers},
  author          = {Ledermann, W.},
  isbn            = 9789401165709,
  series          = {Library of Mathematics},
  url             = {https://books.google.ro/books?id=sTH7CAAAQBAJ},
  year            = 2013,
  publisher       = {Springer Netherlands}
}

@article{fft,
  author          = {J. W. {Cooley} and P. A. W. {Lewis} and P. D. {Welch}},
  journal         = {IEEE Transactions on Education},
  title           = {The Fast Fourier Transform and Its Applications},
  year            = 1969,
  volume          = 12,
  number          = 1,
  pages           = {27-34},
}

@article{fftpoly,
  author          = {D. N. {Rockmore}},
  journal         = {Computing in Science Engineering},
  title           = {The FFT: an algorithm the whole family can use},
  year            = 2000,
  volume          = 2,
  number          = 1,
  pages           = {60-64},
}

@article{flowhistory,
  author          = {Alexander Schrijver},
  title           = {On the History of the Transportation and Maximum Flow
                  Problems},
  year            = 2002
}

@article{fwht,
  author          = { {Fino} and {Algazi}},
  journal         = {IEEE Transactions on Computers},
  title           = {Unified Matrix Treatment of the Fast Walsh-Hadamard
                  Transform},
  year            = 1976,
  volume          = {C-25},
  number          = 11,
  pages           = {1142-1146},
}

@article{gaussf2,
  author          = {Ko\c{c}, \c{C}etin K. and Arachchige, Sarath N.},
  title           = {A Fast Algorithm for Gaussian Elimination over GF(2) and
                  Its Implementation on the GAPP},
  year            = 1991,
  issue_date      = {Sept. 1991},
  publisher       = {Academic Press, Inc.},
  address         = {USA},
  volume          = 13,
  number          = 1,
  issn            = {0743-7315},
  url             = {https://doi.org/10.1016/0743-7315(91)90115-P},
  doi             = {10.1016/0743-7315(91)90115-P},
  journal         = {J. Parallel Distrib. Comput.},
  month           = sep,
  pages           = {118–122},
  numpages        = 5
}

@article{gray,
  author          = {Loughry, Joe and van Hemert, Jano and Schoofs, L.},
  year            = 2002,
  month           = 08,
  title           = {Efficiently Enumerating the Subsets of a Set}
}

@article{hadamard,
  author          = { {Kunz}},
  journal         = {IEEE Transactions on Computers},
  title           = {On the Equivalence Between One-Dimensional Discrete
                  Walsh-Hadamard and Multidimensional Discrete Fourier
                  Transforms},
  year            = 1979,
  volume          = {C-28},
  number          = 3,
  pages           = {267-268},
}

@article{hungarian,
  title           = {Assignment problem and the Hungarian algorithm},
  author          = {Igor Pyshkin},
  journal         = {Topcoder},
  year            = 2018,
  note            = {Accesat 21 Iunie 2020 12:00 PM EEST
                  \url{https://www.topcoder.com/community/competitive-programming/tutorials/assignment-problem-and-hungarian-algorithm/}}
}

@inproceedings{matchingezmatrix,
  author          = {Mulmuley, Ketan and Vazirani, Umesh V. and Vazirani, Vijay
                  V.},
  title           = {Matching is as Easy as Matrix Inversion},
  year            = 1987,
  isbn            = 0897912217,
  publisher       = {Association for Computing Machinery},
  address         = {New York, NY, USA},
  url             = {https://doi.org/10.1145/28395.383347},
  doi             = {10.1145/28395.383347},
  booktitle       = {Proceedings of the Nineteenth Annual ACM Symposium on
                  Theory of Computing},
  pages           = {345–354},
  numpages        = 10,
  location        = {New York, New York, USA},
  series          = {STOC ’87}
}

@article{matroid,
  title           = {Advanced Combinatorial Optimization},
  author          = {Michel X. Goemans},
  journal         = {MIT 18.438},
  year            = 2009,
  note            = {Accesat 21 Iunie 2020 12:00 PM EEST
                  \url{http://www-math.mit.edu/~goemans/18438.html}}
}

@article{numdivisors,
  title           = {Majorations Explicites Pour le Nombre de Diviseurs de N},
  volume          = 26,
  DOI             = {10.4153/CMB-1983-078-5},
  number          = 4,
  journal         = {Canadian Mathematical Bulletin},
  publisher       = {Cambridge University Press},
  author          = {Nicolas, J. L. and Robin, G.},
  year            = 1983,
  pages           = {485–492}
}

@inproceedings{optimalmatching,
  author          = {M. {Mucha} and P. {Sankowski}},
  booktitle       = {45th Annual IEEE Symposium on Foundations of Computer
                  Science},
  title           = {Maximum matchings via Gaussian elimination},
  year            = 2004,
  pages           = {248-255},
}

@article{orlin,
  author          = {James B. Orlin},
  title           = {Max flows in O(nm) time, or better},
  year            = 2012
}

@article{paralleldet,
  author          = {Berkowitz, Stuart J.},
  title           = {On Computing the Determinant in Small Parallel Time Using a
                  Small Number of Processors},
  year            = 1984,
  issue_date      = {March 1984},
  publisher       = {Elsevier North-Holland, Inc.},
  address         = {USA},
  volume          = 18,
  number          = 3,
  issn            = {0020-0190},
  url             = {https://doi.org/10.1016/0020-0190(84)90018-8},
  doi             = {10.1016/0020-0190(84)90018-8},
  journal         = {Inf. Process. Lett.},
  month           = mar,
  pages           = {147–150},
  numpages        = 4
}

@article{primitiveroot,
  title           = {Discrete Root},
  author          = {Thanh T. Nguyen},
  journal         = {CP-Algorithms},
  year            = 2018,
  note            = {Accesat 21 Iunie 2020 12:00 PM EEST
                  \url{https://cp-algorithms.com/algebra/discrete-root.html}}
}

@book{randomizedalgorithms,
  title           = {Randomized Algorithms},
  author          = {Motwani, R. and Raghavan, P.},
  isbn            = 9781139643139,
  url             = {https://books.google.ro/books?id=GvogAwAAQBAJ},
  year            = 1995,
  publisher       = {Cambridge University Press}
}

@article{rootsofunityfilter,
  title           = {Roots of Unity Filter},
  author          = {Stuck?},
  journal         = {Art of Problem Solving},
  year            = 2008,
  note            = {Accesat 21 Iunie 2020 12:00 PM EEST
                  \url{https://artofproblemsolving.com/community/c1340h1003741_roots_of_unity_filter}}
}

@article{schwartzzippel,
  author          = {Schwartz, J. T.},
  title           = {Fast Probabilistic Algorithms for Verification of
                  Polynomial Identities},
  year            = 1980,
  issue_date      = {October 1980},
  publisher       = {Association for Computing Machinery},
  address         = {New York, NY, USA},
  volume          = 27,
  number          = 4,
  issn            = {0004-5411},
  url             = {https://doi.org/10.1145/322217.322225},
  doi             = {10.1145/322217.322225},
  journal         = {J. ACM},
  month           = oct,
  pages           = {701–717},
  numpages        = 17
}

@article{sugiyama,
  title           = "A method for solving key equation for decoding goppa codes",
  journal         = "Information and Control",
  volume          = 27,
  number          = 1,
  pages           = "87 - 99",
  year            = 1975,
  issn            = "0019-9958",
  doi             = "https://doi.org/10.1016/S0019-9958(75)90090-X",
  url             =
                  "http://www.sciencedirect.com/science/article/pii/S001999587590090X",
  author          = "Yasuo Sugiyama and Masao Kasahara and Shigeichi Hirasawa
                  and Toshihiko Namekawa"
}

@article{tutte,
  author          = {Tutte, W. T.},
  title           = "{The Factorization of Linear Graphs}",
  journal         = {Journal of the London Mathematical Society},
  volume          = {s1-22},
  number          = 2,
  pages           = {107-111},
  year            = 1947,
  month           = 04,
  issn            = {0024-6107},
  doi             = {10.1112/jlms/s1-22.2.107},
  url             = {https://doi.org/10.1112/jlms/s1-22.2.107},
  eprint          =
                  {https://academic.oup.com/jlms/article-pdf/s1-22/2/107/2624763/s1-22-2-107.pdf},
}

@article{whtbase,
  title           = {XORTREEH},
  author          = {Adarsh Kumar},
  journal         = {Codechef},
  year            = 2017,
  note            = {Accesat 21 Iunie 2020 12:00 PM EEST
                  \url{https://discuss.codechef.com/t/xortreeh-editorial/17019}}
}

@article{wiedemann,
  author          = {D. {Wiedemann}},
  journal         = {IEEE Transactions on Information Theory},
  title           = {Solving sparse linear equations over finite fields},
  year            = 1986,
  volume          = 32,
  number          = 1,
  pages           = {54-62},
  keywords        = {Sparse matrices},
  doi             = {10.1109/TIT.1986.1057137},
  ISSN            = {1557-9654},
  month           = {January}
}
